<?xml version="1.0" encoding="UTF-8"?><collection xmlns="http://www.loc.gov/MARC21/slim"><record><leader>00529nam--2200193-u-4500</leader><controlfield tag="001">000053231</controlfield><controlfield tag="002">20161230</controlfield><controlfield tag="005">20161230201051</controlfield><controlfield tag="008">110113s1000------------r-----000-0-eng-d</controlfield><datafield ind1=" " ind2=" " tag="020"><subfield code="a">0127444513</subfield></datafield><datafield ind1=" " ind2=" " tag="040"><subfield code="a">IFIN-HH</subfield></datafield><datafield ind1=" " ind2=" " tag="080"><subfield code="a">539.25:61:54:62</subfield></datafield><datafield ind1="1" ind2=" " tag="100"><subfield code="a">Ying, Jackie Y</subfield></datafield><datafield ind1="1" ind2="0" tag="245"><subfield code="a">Nanostructured materials</subfield><subfield code="c">JACKIE Y. YING (Ed.)</subfield></datafield><datafield ind1=" " ind2=" " tag="260"><subfield code="a">San Diego, California</subfield><subfield code="b">Academic Press</subfield><subfield code="c">2001</subfield></datafield><datafield ind1=" " ind2=" " tag="300"><subfield code="a">222P</subfield></datafield><datafield ind1=" " ind2=" " tag="490"><subfield code="a">Advances In Chemical Engineering</subfield><subfield code="v">V.27</subfield></datafield><datafield ind1=" " ind2=" " tag="852"><subfield code="a">81399</subfield><subfield code="c">539.2</subfield></datafield><datafield ind1=" " ind2=" " tag="CAT"><subfield code="a">Sys</subfield><subfield code="c">20110113</subfield><subfield code="h">082447</subfield></datafield></record></collection>